<record><leader>00000cas a22000007a 4500</leader><controlfield tag="001">9293085</controlfield><controlfield tag="008">830309d187219uunyuwr ne      0    0eng d</controlfield><datafield ind1=" " ind2=" " tag="010"><subfield code="a">sn 83030044 </subfield></datafield><datafield ind1=" " ind2=" " tag="040"><subfield code="a">NPU</subfield><subfield code="b">eng</subfield><subfield code="c">NPU</subfield><subfield code="d">UKMGB</subfield><subfield code="d">OCLCQ</subfield></datafield><datafield ind1="7" ind2=" " tag="016"><subfield code="a">013935756</subfield><subfield code="2">Uk</subfield></datafield><datafield ind1=" " ind2=" " tag="042"><subfield code="a">msc</subfield></datafield><datafield ind1="0" ind2=" " tag="130"><subfield code="a">Union (New York, N.Y. : 1872)</subfield></datafield><datafield ind1="1" ind2="4" tag="245"><subfield code="a">The Union.</subfield></datafield><datafield ind1=" " ind2=" " tag="260"><subfield code="a">New York :</subfield><subfield code="b">Henry C. Bauer</subfield></datafield><datafield ind1=" " ind2=" " tag="300"><subfield code="a">v. ;</subfield><subfield code="c">57 cm.</subfield></datafield><datafield ind1="1" ind2=" " tag="362"><subfield code="a">Began in 1872.</subfield><subfield code="z">Cf. Rowell, 1880.</subfield></datafield><datafield ind1=" " ind2=" " tag="500"><subfield code="a">Editor: Henry C. Bauer, 1872-</subfield></datafield><datafield ind1=" " ind2=" " tag="588"><subfield code="a">Description based on: Sept. 3, 1887.</subfield></datafield><datafield ind1="1" ind2=" " tag="700"><subfield code="a">Bauer, Henry C.</subfield></datafield><datafield ind1=" " ind2=" " tag="752"><subfield code="a">United States</subfield><subfield code="b">New York</subfield><subfield code="c">New York</subfield><subfield code="d">New York.</subfield></datafield><datafield ind1="1" ind2=" " tag="029"><subfield code="a">AU@</subfield><subfield code="b">000025820392</subfield></datafield></record>